@article{peters2019ergodicity,
  author  = {Peters, Ole},
  title   = {The ergodicity problem in economics},
  journal = {Nature Physics},
  volume  = {15},
  pages   = {1216--1221},
  year    = {2019},
  doi     = {10.1038/s41567-019-0732-0}
}

@article{peters2016evaluating,
  author  = {Peters, Ole and Gell-Mann, Murray},
  title   = {Evaluating gambles using dynamics},
  journal = {Chaos: An Interdisciplinary Journal of Nonlinear Science},
  volume  = {26},
  number  = {2},
  pages   = {023103},
  year    = {2016},
  doi     = {10.1063/1.4940236}
}

@article{peters2011time,
  author  = {Peters, Ole},
  title   = {The time resolution of the {St Petersburg} paradox},
  journal = {Philosophical Transactions of the Royal Society A},
  volume  = {369},
  number  = {1956},
  pages   = {4913--4931},
  year    = {2011},
  doi     = {10.1098/rsta.2011.0065}
}

@article{kelly1956new,
  author  = {Kelly Jr, John L},
  title   = {A new interpretation of information rate},
  journal = {The Bell System Technical Journal},
  volume  = {35},
  number  = {4},
  pages   = {917--926},
  year    = {1956},
  doi     = {10.1002/j.1538-7305.1956.tb03809.x}
}

@book{maclean2011kelly,
  author    = {MacLean, Leonard C and Thorp, Edward O and Ziemba, William T},
  title     = {The {Kelly} Capital Growth Investment Criterion: Theory and Practice},
  publisher = {World Scientific},
  year      = {2011},
  isbn      = {978-981-4293-53-0}
}

@book{klugman2019loss,
  author    = {Klugman, Stuart A and Panjer, Harry H and Willmot, Gordon E},
  title     = {Loss Models: From Data to Decisions},
  publisher = {John Wiley \& Sons},
  edition   = {5},
  year      = {2019},
  isbn      = {978-1-119-52378-9}
}

@book{peters2025ergodicity,
  author    = {Peters, Ole and Adamou, Alexander},
  title     = {An Introduction to Ergodicity Economics},
  publisher = {LML Press},
  year      = {2025},
  isbn      = {978-1-0686491-3-4}
}
